<record><leader>00000cas a22000007a 4500</leader><controlfield tag="001">10153270</controlfield><controlfield tag="008">831122d18751uuutxudr ne      0    0eng d</controlfield><datafield ind1=" " ind2=" " tag="010"><subfield code="a">sn 83021357 </subfield></datafield><datafield ind1=" " ind2=" " tag="040"><subfield code="a">NPX</subfield><subfield code="b">eng</subfield><subfield code="c">NPX</subfield><subfield code="d">OCLCQ</subfield></datafield><datafield ind1=" " ind2=" " tag="042"><subfield code="a">msc</subfield></datafield><datafield ind1="0" ind2=" " tag="130"><subfield code="a">Daily times (Corpus Christi, Tex.)</subfield></datafield><datafield ind1="1" ind2="4" tag="245"><subfield code="a">The Daily times.</subfield></datafield><datafield ind1=" " ind2=" " tag="260"><subfield code="a">Corpus Christi, Tex. :</subfield><subfield code="b">C.A. Beman</subfield></datafield><datafield ind1=" " ind2=" " tag="300"><subfield code="a">v.</subfield></datafield><datafield ind1=" " ind2=" " tag="310"><subfield code="a">Daily</subfield></datafield><datafield ind1="1" ind2=" " tag="362"><subfield code="a">Began in 1875.</subfield><subfield code="z">Cf. Texas newspapers, 1813-1939.</subfield></datafield><datafield ind1=" " ind2=" " tag="500"><subfield code="a">Editor: C.A Beman.</subfield></datafield><datafield ind1=" " ind2=" " tag="580"><subfield code="a">"Published daily and weekly."</subfield></datafield><datafield ind1=" " ind2=" " tag="588"><subfield code="a">Description based on: Vol. 2, no. 198 (Aug. 31, 1876).</subfield></datafield><datafield ind1="1" ind2=" " tag="700"><subfield code="a">Beman, Charles A.</subfield></datafield><datafield ind1=" " ind2=" " tag="752"><subfield code="a">United States</subfield><subfield code="b">Texas</subfield><subfield code="c">Nueces</subfield><subfield code="d">Corpus Christi.</subfield></datafield><datafield ind1="1" ind2=" " tag="775"><subfield code="t">Weekly times (Corpus Christi, Tex.)</subfield><subfield code="w">(DLC)sn 83021358</subfield></datafield><datafield ind1="1" ind2=" " tag="029"><subfield code="a">AU@</subfield><subfield code="b">000025802634</subfield></datafield></record>